@Book{bitcoin,
    Author      = {Satoshi Nakamoto},
    Title       = {Bitcoin: A Peer-to-Peer Electronic Cash System},
    Year        = {2008},
    Publisher   = {www.bitcoin.org}, 
    Address     = {online},
    Pages       = {9}
}


@Book{nnfin,
    Author      = {Georgios Sermpinis, Andreas Karathanasopoulos, Rafael Rosillo, David de la Fuente},
    Title       = {Neural networks in financial trading},
    Year        = {2019},
    Publisher   = {Springer Science+Business Media}, 
    Address     = {online},
    Pages       = {16}
}


@Book{eco2,
    Author      = {Marc Wildi},
    Title       = {An Introduction to Conditional Volatility Models},
    Year        = {2020},
    Publisher   = {ZHAW}, 
    Address     = {Winterthur},
    Pages       = {32}
}

@Book{eco1,
    Author      = {Marc Wildi},
    Title       = {Econometrics 1: Time Series Analysis},
    Year        = {2017},
    Publisher   = {ZHAW}, 
    Address     = {Winterthur},
    Pages       = {221}
}

@Book{slide_MA,
    Author      = {Marc Wildi},
    Title       = {Econometrics 2: Moving Average (MA) Filters},
    Year        = {2020},
    Publisher   = {ZHAW}, 
    Pages       = {72},
    Note        = {Lecturere Slides}
}

@Book{slide_eco3_1,
    Author      = {Marc Wildi},
    Title       = {Econometrics 3: Conditional Heteroscedasticity Models, Part 1},
    Year        = {2020},
    Publisher   = {ZHAW}, 
    Pages       = {56},
    Note        = {Lecturere Slides}
}

@Book{slide_eco3_3,
    Author      = {Marc Wildi},
    Title       = {Econometrics 3: Conditional Heteroscedasticity Models, Part 3},
    Year        = {2020},
    Publisher   = {ZHAW}, 
    Pages       = {53},
    Note        = {Lecturere Slides}
}

@Book{acf,
    Author      = {A.L. Kholkin, D.A. Kiselev, A. Heredia},
    Title       = {Encyclopedia of Materials: Science and Technology (Second Edition)},
    Year        = {2001},
    Publisher   = {Elsevier}, 
    Pages       = {10388},
    Note        = {Chapter: Piezoresponse Force Microscopy}
}

@Online{arima,
    Author      = {Mohammad Masum},
    Title       = {Time Series Analysis: Identifying AR and MA using ACF and PACF Plots},
    Url         = {https://towardsdatascience.com/identifying-ar-and-ma-terms-using-acf-and-pacf-plots-in-time-series-forecasting-ccb9fd073db8}, 
    Urldate     = {2020-11-16}
}


@Book{garch11,
    Author      = {Brandon Williams},
    Title       = {GARCH(1,1) models},
    Year        = {2011},
    Publisher   = {Ruprecht-Karls-Universität Heidelberg}, 
    Pages       = {42},
    Note        = {Bachelorarbeit}
}

@Book{slide_trading_indicators_univariate,
    Author      = {Marc Wildi},
    Title       = {Econometrics 2: Trading Indicators},
    Year        = {2020},
    Publisher   = {ZHAW}, 
    Pages       = {78},
    Note        = {Lecturere Slides}
}

@Online{SMA,
    Author      = {Adam Hayes},
    Title       = {Simple Moving Average},
    Url         = {https://www.investopedia.com/terms/s/sma.asp}, 
    Urldate     = {2020-9-22}
}

@Online{EMA,
    Author      = {Adam Hayes},
    Title       = {Exponential Moving Average},
    Url         = {https://www.investopedia.com/terms/e/ema.asp}, 
    Urldate     = {2020-9-10}
}

@Online{swissquote,
    Author      = {swissquote},
    Title       = {trading fees},
    Url         = {https://library.swissquote.com/shared-images/brochure-trading-pricing-bank-de?_ga=2.183413157.222455671.1606673517-1327743316.1606673517}, 
    Urldate     = {2020-11-29}
}

@Online{RSI,
    Author      = {Jason Fernando},
    Title       = {Relative Strength Index (RSI)},
    Url         = {https://www.investopedia.com/terms/r/rsi.asp}, 
    Urldate     = {2020-11-30}
}

@Online{Maxdrawdown,
    Author      = {James Gordon},
    Title       = {Relative Strength Index (RSI)},
    Url         = {https://www.investopedia.com/terms/m/maximum-drawdown-mdd.asp#:~:text=What%20Is%20a%20Maximum%20Drawdown,over%20a%20specified%20time%20period.}, 
    Urldate     = {2020-03-24}
}

@Book{perceptron_paper,
    Author      = {Frank Rosenblatt},
    Title       = {The Perceptron: A probabilistic model for information storage and organization in the brain},
    Year        = {1958},
    Publisher   = {Psychological Review}, 
    Pages       = {386-408}
}

@Book{nn_learning_theoretical_foundations,
    Author      = {Martin Anthony, Peter L. Bartlett},
    Title       = {Neural Network Learning: Theoretical Foundations},
    Year        = {1999},
    Publisher   = {Cambridge University Press}, 
}


@Book{A_History_of_Bitcoin,
    Author      = {Usman W. Chohan},
    Title       = {A History of Bitcoin},
    Year        = {2017},
    Publisher   = {University of New South Wales, Canberra}, 
}

@Book{backpropagation,
    Author      = {Raul Rojas},
    Title       = {The Backpropagation Algorithm},
    Year        = {1996},
    Publisher   = {Springer Berlin Heidelberg}, 
    Pages       = {149-182}
}

@Online{Bitcoin_history,
    Author      = {John Edwards},
    Title       = {Bitcoins Price History},
    Url         = {https://www.investopedia.com/articles/forex/121815/bitcoins-price-history.asp}, 
    Urldate     = {2021-03-01}
}

@Online{blockrewards,
    Author      = {Jake Frankenfield},
    Title       = {Block Rewards},
    Url         = {https://www.investopedia.com/terms/b/block-reward.asp}, 
    Urldate     = {2021-04-18}
}

@Book{efficient_backprop,
    Author      = {Yann Lecun, Leon Bottou, Genevieve B. Orr, Klaus-Robert Mueller},
    Title       = {Efficient BackProp},
    Year        = {1998},
    Pages       = {1-44}, 
    Publisher   = {Image Processing Research Department AT& T Labs}
}

@Online{backpropagation_proofs,
    Author      = {Luke Hunsberger},
    Title       = {Back Propagation Algorithm with Proofs},
    Url         = {https://www.cs.vassar.edu/~hunsberg/cs365/handouts-etc/backprop.pdf}, 
    Urldate     = {2021-03-21}
}

@Book{mlp_architecture,
    Author      = {Hassan Ramchoun, Youssef Ghanou, Mohammed Amine Janati Idrissi},
    Title       = {Multilayer Perceptron: Architecture Optimization and Training},
    Year        = {2016},
    Pages       = {26}, 
    Publisher   = {International Journal of Interactive Multimedia and Artificial Intelligence}
}

@Online{recipe_training,
    Author      = {Andrej Karpathy},
    Title       = {A Recipe for Training Neural Networks},
    Url         = {https://karpathy.github.io/2019/04/25/recipe/}, 
    Urldate     = {2021-03-24}
}

@Book{RNN,
    Author      = {Ke-Lin Du, M.N.S. Swamy},
    Title       = {Recurrent Neural Networks},
    Year        = {2014},
    Pages       = {337-353}, 
    Publisher   = {Springer London}
}

@Book{RNN_Stanford,
    Author      = {Fei-Fei Li, Justin Johnson, Serena Yeung},
    Title       = {Lecture 10: Recurrent Neural Networks},
    Year        = {2017},
    Publisher   = {Stanford University}
}

@Book{DM_paper,
    Author      = {Francis X. Diebold, Roberto S. Mariano},
    Title       = {Comparing Predictive Accuracy},
    Year        = {1995},
    Publisher   = {University of Pennsylvania}
}

@Book{DM_lecture,
    Author      = {Umberto Triacca},
    Title       = {Comparing Predictive Accuracy of two Forecasts: The Diebold-Mariano Test},
    Year        = {NA},
    Publisher   = {Universita dell Aquila}
}

@Book{nn_trading,
    Author      = {Georgios Sermpinis, Andreas Karathanasopoulos, Rafael Rosillo, David de la Fuente},
    Title       = {Neural networks in financial trading},
    Year        = {2019},
    Pages       = {204-308}, 
    Publisher   = {Springer Science+Business Media, LLC, part of Springer Nature 2019}
}

@Online{energy_consumption,
    Author      = {Lawrence Wintermaier},
    Title       = {Bitcoin’s Energy Consumption Is A Highly Charged Debate – Who’s Right?},
    Url         = {https://www.forbes.com/sites/lawrencewintermeyer/2021/03/10/bitcoins-energy-consumption-is-a-highly-charged-debate--whos-right/?sh=41f655eb7e78}, 
    Urldate     = {2021-03-26}
}

@Online{energy_index,
    Author      = {Cambridge Centre for Alternative Finance},
    Title       = {Live Bitcoin Electricity consumption Index},
    Url         = {https://www.forbes.com/sites/lawrencewintermeyer/2021/03/10/bitcoins-energy-consumption-is-a-highly-charged-debate--whos-right/?sh=41f655eb7e78}, 
    Urldate     = {2021}
}


@Online{energy_map,
    Author      = {Cambridge Centre for Alternative Finance},
    Title       = {Live Bitcoin Electricity consumption map},
    Url         = {https://cbeci.org/mining_map}, 
    Urldate     = {2021}
}

@Book{bitcoin_halving,
    Author      = {Arthur Meynkhard},
    Title       = {Fair market value of bitcoin: halving effect},
    Year        = {2019},
    Pages       = {72-85}, 
    Publisher   = {Investment Management and Financial Innovations},
    Url         = {https://businessperspectives.org/journals/investment-management-and-financial-innovations/issue-334/fair-market-value-of-bitcoin-halving-effect}
}

@Book{digital_gold,
    Author      = {Konstantinos Gkillas, Francois Longin},
    Title       = {Is Bitcoin the New Digital Gold? Evidence From Extreme Price Movements in Financial Markets},
    Year        = {2018},
    Publisher   = {SSRN Electronic Journal},
}

@Online{S&P500_sharpe,
    Author      = {Morningstar},
    Title       = {S&P 500 PR Sharpe Ratio},
    Url         = {https://www.morningstar.com/indexes/spi/spx/risk}, 
    Urldate     = {2021-04-24}
}

@Book{garch,
    Author      = {Tim Bollerslev},
    Title       = {Generalized autoregressive conditional heteroskedasticity},
    Year        = {1986},
    Publisher   = {Journal of Econometrics},
    Pages       = {307-327}
}

@Book{leverage_effect,
    Author      = {Fischer Black},
    Title       = {Studies of Stock Price Volatility Changes},
    Year        = {1976},
    Publisher   = {Proceedings of the 1976 Meetings of the American Statistical Association},
    Pages       = {177-181}
}